<?xml version="1.0" encoding="UTF-8"?><collection xmlns="http://www.loc.gov/MARC21/slim"><record><leader>00487nam--2200145-i-4500</leader><controlfield tag="001">000012350</controlfield><controlfield tag="002">20161230</controlfield><controlfield tag="005">20170128141813</controlfield><controlfield tag="008">060222s1000------------r-----000-0-eng-d</controlfield><datafield ind1=" " ind2=" " tag="245"><subfield code="a">Optimization and optimal control. Proceedings of a conference held at oberwolfach, November 17-23, 1974</subfield></datafield><datafield ind1=" " ind2=" " tag="260"><subfield code="a">Berlin</subfield><subfield code="b">Springer-Verlag</subfield><subfield code="c">1975</subfield></datafield><datafield ind1=" " ind2=" " tag="490"><subfield code="a">Lecture Notes In Mathematics. Edited By A.Dold And B.Eckmann</subfield></datafield><datafield ind1=" " ind2=" " tag="700"><subfield code="a">Bulirsch, R</subfield></datafield><datafield ind1=" " ind2=" " tag="852"><subfield code="a">45388</subfield><subfield code="c">517.9</subfield></datafield><datafield ind1=" " ind2=" " tag="CAT"><subfield code="a">SYS</subfield><subfield code="c">20170128</subfield><subfield code="h">141813</subfield></datafield></record></collection>